<?xml version="1.0" encoding="UTF-8"?>
<record xmlns="http://www.loc.gov/MARC21/slim" xmlns:zs="http://docs.oasis-open.org/ns/search-ws/sruResponse">
 <leader>
  08450cpcaa22012377a 4500
 </leader>
 <controlfield tag="001">
  13672150
 </controlfield>
 <controlfield tag="005">
  20240830151517.0
 </controlfield>
 <controlfield tag="007">
  ss ||njl|i|||e
 </controlfield>
 <controlfield tag="007">
  kv |||
 </controlfield>
 <controlfield tag="008">
  040730i19932002dcu                 eng
 </controlfield>
 <datafield ind1=" " ind2=" " tag="906">
  <subfield code="a">
   7
  </subfield>
  <subfield code="b">
   cbc
  </subfield>
  <subfield code="c">
   orignew
  </subfield>
  <subfield code="d">
   u
  </subfield>
  <subfield code="e">
   ncip
  </subfield>
  <subfield code="f">
   20
  </subfield>
  <subfield code="g">
   y-folklife
  </subfield>
 </datafield>
 <datafield ind1=" " ind2=" " tag="955">
  <subfield code="a">
   mkru 2004-07-30; mkru 2004-08-19; mkru 2004-11-12; mkru 2005-05-04; mkru 2011-12-28; mseg 2013-01-08; mkru 2014-12-18; cker 2015-04-08
  </subfield>
  <subfield code="a">
   mseg 2015-08-10
  </subfield>
  <subfield code="a">
   mseg 2015-09-03
  </subfield>
  <subfield code="a">
   mkru 2017-02-24
  </subfield>
  <subfield code="a">
   masmit 2024-08-30
  </subfield>
 </datafield>
 <datafield ind1=" " ind2=" " tag="010">
  <subfield code="a">
   2004695193
  </subfield>
  <subfield code="z">
   2002556048
  </subfield>
 </datafield>
 <datafield ind1=" " ind2=" " tag="040">
  <subfield code="a">
   DLC
  </subfield>
  <subfield code="c">
   DLC
  </subfield>
  <subfield code="e">
   appm
  </subfield>
  <subfield code="d">
   DLC
  </subfield>
 </datafield>
 <datafield ind1="0" ind2=" " tag="041">
  <subfield code="a">
   eng
  </subfield>
  <subfield code="a">
   ita
  </subfield>
  <subfield code="a">
   spa
  </subfield>
  <subfield code="d">
   eng
  </subfield>
  <subfield code="d">
   ita
  </subfield>
  <subfield code="d">
   spa
  </subfield>
 </datafield>
 <datafield ind1=" " ind2=" " tag="043">
  <subfield code="a">
   n-us-nj
  </subfield>
 </datafield>
 <datafield ind1=" " ind2=" " tag="090">
  <subfield code="a">
   RGB 2943-2991; RXF 3129-3178 (7-inch audio reels; preservation copies of DATs); RYJ 4344-4353; RYJ 5659-5665; RYJ 5804-5828
  </subfield>
 </datafield>
 <datafield ind1=" " ind2=" " tag="090">
  <subfield code="a">
   AFC 1995/028
  </subfield>
 </datafield>
 <datafield ind1="0" ind2="0" tag="245">
  <subfield code="a">
   Working in Paterson Project collection,
  </subfield>
  <subfield code="f">
   1993-2002 /
  </subfield>
  <subfield code="c">
   collected by the American Folklife Center in cooperation with the National Park Service.
  </subfield>
 </datafield>
 <datafield ind1="3" ind2=" " tag="246">
  <subfield code="a">
   Working in Paterson Project,
  </subfield>
  <subfield code="f">
   1993-2002
  </subfield>
 </datafield>
 <datafield ind1=" " ind2=" " tag="300">
  <subfield code="a">
   39
  </subfield>
  <subfield code="f">
   boxes (21 linear feet)
  </subfield>
 </datafield>
 <datafield ind1=" " ind2=" " tag="300">
  <subfield code="3">
   manuscripts
  </subfield>
  <subfield code="a">
   143
  </subfield>
  <subfield code="f">
   folders (ca. 5,400 leaves)
  </subfield>
 </datafield>
 <datafield ind1=" " ind2=" " tag="300">
  <subfield code="3">
   sound recordings
  </subfield>
  <subfield code="a">
   41 sound cassettes :
  </subfield>
  <subfield code="b">
   analog
  </subfield>
 </datafield>
 <datafield ind1=" " ind2=" " tag="300">
  <subfield code="3">
   sound recordings
  </subfield>
  <subfield code="a">
   49 sound cassettes :
  </subfield>
  <subfield code="b">
   digital
  </subfield>
 </datafield>
 <datafield ind1=" " ind2=" " tag="300">
  <subfield code="3">
   graphic materials
  </subfield>
  <subfield code="a">
   ca. 6,500 photographs :
  </subfield>
  <subfield code="b">
   negatives, contact sheets, slides, photographic prints, col., b&amp;w. ;
  </subfield>
  <subfield code="c">
   various sizes, 8 x 10 in. and smaller
  </subfield>
 </datafield>
 <datafield ind1=" " ind2=" " tag="300">
  <subfield code="a">
   174 computer disks (CD-ROM) :
  </subfield>
  <subfield code="b">
   digital ;
  </subfield>
  <subfield code="c">
   4 3/4 in.
  </subfield>
 </datafield>
 <datafield ind1=" " ind2=" " tag="300">
  <subfield code="a">
   30 computer disks ;
  </subfield>
  <subfield code="c">
   3 1/2 in.
  </subfield>
 </datafield>
 <datafield ind1=" " ind2=" " tag="300">
  <subfield code="3">
   artifacts
  </subfield>
  <subfield code="a">
   12 items
  </subfield>
 </datafield>
 <datafield ind1=" " ind2=" " tag="351">
  <subfield code="a">
   Organized by format into the following series: I. Manuscripts; II. Sound Recordings; III. Graphic Materials; IV. Electronic Media; and V. Artifacts.
  </subfield>
 </datafield>
 <datafield ind1=" " ind2=" " tag="500">
  <subfield code="a">
   Sound recordings include interviews with U.S. Senator Frank R. Lautenberg and U.S. Congressman Bill Pascrell (former mayor of Paterson) conducted by project director David A. Taylor.
  </subfield>
 </datafield>
 <datafield ind1=" " ind2=" " tag="520">
  <subfield code="a">
   The collection consists of manuscripts, sound recordings, photographs, artifacts, publications, and ephemera from an ethnographic field project conducted by the American Folklife Center, Library of Congress, which documented occupational culture in Paterson, New Jersey in 1994. Subjects include the textile industry, industrial architecture, machine shops, labor unions, family-owned businesses, dressmaking, and ethnic restaurants. A single manufacturing firm, Watson Machine International, was the focus of an in-depth study. The project focused on the ways in which community life and values are shaped by work and how the theme of work intersects with other themes, namely family, ethnicity, gender, neighborhood, religion, and change over time.
  </subfield>
 </datafield>
 <datafield ind1="8" ind2=" " tag="524">
  <subfield code="a">
   Working in Paterson Project collection (AFC 1995/028), Archive of Folk Culture, American Folklife Center, Library of Congress, Washington, D.C.
  </subfield>
 </datafield>
 <datafield ind1=" " ind2=" " tag="530">
  <subfield code="a">
   A substantial portion of the collection, with interpretive essays, is available as "Working in Paterson: Occupational Heritage in an Urban Setting," an American Memory online resource compiled by the National Digital Library Program of the Library of Congress
  </subfield>
  <subfield code="u">
   https://hdl.loc.gov/loc.afc/collafc.af000014
  </subfield>
 </datafield>
 <datafield ind1=" " ind2=" " tag="530">
  <subfield code="a">
   American Memory online resource, "Working in Paterson," is also on CD-ROM discs in the collection.
  </subfield>
 </datafield>
 <datafield ind1="1" ind2=" " tag="506">
  <subfield code="a">
   The collection is open for research use; access is restricted, some or all materials are stored offsite. To request materials, please contact the Folklife Reading Room at
  </subfield>
  <subfield code="u">
   https://hdl.loc.gov/loc.afc/folklife.contact
  </subfield>
 </datafield>
 <datafield ind1=" " ind2=" " tag="540">
  <subfield code="a">
   Duplication of the collection materials may be governed by copyright and other restrictions.
  </subfield>
 </datafield>
 <datafield ind1=" " ind2=" " tag="545">
  <subfield code="a">
   This four-month field project, June to September 1994, was part of the federal Urban History Initiative (UHI) sponsored by Sen. Frank Lautenberg and administered by the National Park Service's Mid-Atlantic Regional Office. A research team of five folklorists from the American Folklife Center of the Library of Congress and a documentary photographer interviewed and photographed workers from local industries and documented other aspects of the occupational heritage of Paterson, New Jersey.
  </subfield>
 </datafield>
 <datafield ind1=" " ind2=" " tag="546">
  <subfield code="a">
   In English, Italian, and Spanish.
  </subfield>
 </datafield>
 <datafield ind1="0" ind2=" " tag="555">
  <subfield code="a">
   Finding aid is available in the Folklife Reading Room, Library of Congress, and online
  </subfield>
  <subfield code="u">
   https://hdl.loc.gov/loc.afc/eadafc.af007004
  </subfield>
 </datafield>
 <datafield ind1="1" ind2="0" tag="600">
  <subfield code="a">
   Lautenberg, Frank R.
  </subfield>
  <subfield code="v">
   Interviews.
  </subfield>
 </datafield>
 <datafield ind1="1" ind2="0" tag="600">
  <subfield code="a">
   Pascrell, Bill
  </subfield>
  <subfield code="v">
   Interviews.
  </subfield>
 </datafield>
 <datafield ind1=" " ind2="0" tag="650">
  <subfield code="a">
   Manufacturing processes
  </subfield>
  <subfield code="z">
   New Jersey
  </subfield>
  <subfield code="z">
   Paterson
  </subfield>
  <subfield code="y">
   20th century
  </subfield>
  <subfield code="x">
   Social aspects.
  </subfield>
 </datafield>
 <datafield ind1=" " ind2="0" tag="650">
  <subfield code="a">
   Labor
  </subfield>
  <subfield code="z">
   New Jersey
  </subfield>
  <subfield code="z">
   Paterson
  </subfield>
  <subfield code="y">
   20th century.
  </subfield>
 </datafield>
 <datafield ind1=" " ind2="0" tag="650">
  <subfield code="a">
   Occupations
  </subfield>
  <subfield code="z">
   New Jersey
  </subfield>
  <subfield code="z">
   Paterson
  </subfield>
  <subfield code="y">
   20th century.
  </subfield>
 </datafield>
 <datafield ind1=" " ind2="0" tag="651">
  <subfield code="a">
   Paterson (N.J.)
  </subfield>
  <subfield code="x">
   Social life and customs
  </subfield>
  <subfield code="y">
   20th century.
  </subfield>
 </datafield>
 <datafield ind1=" " ind2="0" tag="651">
  <subfield code="a">
   Paterson (N.J.)
  </subfield>
  <subfield code="x">
   Economic conditions
  </subfield>
  <subfield code="y">
   20th century.
  </subfield>
 </datafield>
 <datafield ind1="2" ind2="0" tag="610">
  <subfield code="a">
   Watson Machine International.
  </subfield>
 </datafield>
 <datafield ind1=" " ind2="0" tag="650">
  <subfield code="a">
   Ethnic groups
  </subfield>
  <subfield code="z">
   New Jersey
  </subfield>
  <subfield code="z">
   Paterson.
  </subfield>
 </datafield>
 <datafield ind1=" " ind2="0" tag="650">
  <subfield code="a">
   Textile workers
  </subfield>
  <subfield code="z">
   New Jersey
  </subfield>
  <subfield code="z">
   Paterson.
  </subfield>
 </datafield>
 <datafield ind1=" " ind2="0" tag="650">
  <subfield code="a">
   African American business enterprises
  </subfield>
  <subfield code="z">
   New Jersey
  </subfield>
  <subfield code="z">
   Paterson.
  </subfield>
 </datafield>
 <datafield ind1=" " ind2="0" tag="650">
  <subfield code="a">
   Arab American business enterprises
  </subfield>
  <subfield code="z">
   New Jersey
  </subfield>
  <subfield code="z">
   Paterson.
  </subfield>
 </datafield>
 <datafield ind1=" " ind2="0" tag="650">
  <subfield code="a">
   Hispanic American business enterprises
  </subfield>
  <subfield code="z">
   New Jersey
  </subfield>
  <subfield code="z">
   Paterson.
  </subfield>
 </datafield>
 <datafield ind1=" " ind2="0" tag="650">
  <subfield code="a">
   Colombian American business enterprises
  </subfield>
  <subfield code="z">
   New Jersey
  </subfield>
  <subfield code="z">
   Paterson.
  </subfield>
 </datafield>
 <datafield ind1=" " ind2="0" tag="650">
  <subfield code="a">
   African Americans
  </subfield>
  <subfield code="x">
   Employment
  </subfield>
  <subfield code="z">
   New Jersey
  </subfield>
  <subfield code="z">
   Paterson.
  </subfield>
 </datafield>
 <datafield ind1=" " ind2="0" tag="650">
  <subfield code="a">
   Irish Americans
  </subfield>
  <subfield code="x">
   Employment
  </subfield>
  <subfield code="z">
   New Jersey
  </subfield>
  <subfield code="z">
   Paterson.
  </subfield>
 </datafield>
 <datafield ind1=" " ind2="0" tag="650">
  <subfield code="a">
   Italian Americans
  </subfield>
  <subfield code="x">
   Employment
  </subfield>
  <subfield code="z">
   New Jersey
  </subfield>
  <subfield code="z">
   Paterson.
  </subfield>
 </datafield>
 <datafield ind1=" " ind2="0" tag="650">
  <subfield code="a">
   Hispanic Americans
  </subfield>
  <subfield code="x">
   Employment
  </subfield>
  <subfield code="z">
   New Jersey
  </subfield>
  <subfield code="z">
   Paterson.
  </subfield>
 </datafield>
 <datafield ind1=" " ind2="0" tag="650">
  <subfield code="a">
   Dominican Americans
  </subfield>
  <subfield code="x">
   Employment
  </subfield>
  <subfield code="z">
   New Jersey
  </subfield>
  <subfield code="z">
   Paterson.
  </subfield>
 </datafield>
 <datafield ind1=" " ind2="0" tag="650">
  <subfield code="a">
   Arab Americans
  </subfield>
  <subfield code="x">
   Employment
  </subfield>
  <subfield code="z">
   New Jersey
  </subfield>
  <subfield code="z">
   Paterson.
  </subfield>
 </datafield>
 <datafield ind1=" " ind2="0" tag="650">
  <subfield code="a">
   Polish Americans
  </subfield>
  <subfield code="x">
   Employment
  </subfield>
  <subfield code="z">
   New Jersey
  </subfield>
  <subfield code="z">
   Paterson.
  </subfield>
 </datafield>
 <datafield ind1=" " ind2="0" tag="650">
  <subfield code="a">
   Community life
  </subfield>
  <subfield code="z">
   New Jersey
  </subfield>
  <subfield code="z">
   Paterson.
  </subfield>
 </datafield>
 <datafield ind1=" " ind2="0" tag="650">
  <subfield code="a">
   Machine shops
  </subfield>
  <subfield code="z">
   New Jersey
  </subfield>
  <subfield code="z">
   Paterson.
  </subfield>
 </datafield>
 <datafield ind1=" " ind2="0" tag="650">
  <subfield code="a">
   Textile industry
  </subfield>
  <subfield code="z">
   New Jersey
  </subfield>
  <subfield code="z">
   Paterson.
  </subfield>
 </datafield>
 <datafield ind1=" " ind2="0" tag="650">
  <subfield code="a">
   Labor unions
  </subfield>
  <subfield code="z">
   New Jersey
  </subfield>
  <subfield code="z">
   Paterson.
  </subfield>
 </datafield>
 <datafield ind1=" " ind2="0" tag="650">
  <subfield code="a">
   Women dressmakers
  </subfield>
  <subfield code="z">
   New Jersey
  </subfield>
  <subfield code="z">
   Paterson.
  </subfield>
 </datafield>
 <datafield ind1=" " ind2="0" tag="650">
  <subfield code="a">
   Family-owned business enterprises
  </subfield>
  <subfield code="z">
   New Jersey
  </subfield>
  <subfield code="z">
   Paterson.
  </subfield>
 </datafield>
 <datafield ind1=" " ind2="0" tag="650">
  <subfield code="a">
   Ethnic restaurants
  </subfield>
  <subfield code="z">
   New Jersey
  </subfield>
  <subfield code="z">
   Paterson.
  </subfield>
 </datafield>
 <datafield ind1=" " ind2="0" tag="650">
  <subfield code="a">
   Ethnic arts
  </subfield>
  <subfield code="z">
   New Jersey
  </subfield>
  <subfield code="z">
   Paterson.
  </subfield>
 </datafield>
 <datafield ind1=" " ind2="0" tag="650">
  <subfield code="a">
   Architecture, Industrial
  </subfield>
  <subfield code="z">
   New Jersey
  </subfield>
  <subfield code="z">
   Paterson.
  </subfield>
 </datafield>
 <datafield ind1=" " ind2="0" tag="650">
  <subfield code="a">
   Processions
  </subfield>
  <subfield code="z">
   New Jersey
  </subfield>
  <subfield code="z">
   Paterson.
  </subfield>
 </datafield>
 <datafield ind1=" " ind2="0" tag="650">
  <subfield code="a">
   Pageants
  </subfield>
  <subfield code="z">
   New Jersey
  </subfield>
  <subfield code="z">
   Paterson.
  </subfield>
 </datafield>
 <datafield ind1=" " ind2="0" tag="650">
  <subfield code="a">
   Beauty contestants
  </subfield>
  <subfield code="z">
   New Jersey
  </subfield>
  <subfield code="z">
   Paterson.
  </subfield>
 </datafield>
 <datafield ind1=" " ind2="0" tag="650">
  <subfield code="a">
   Catholics
  </subfield>
  <subfield code="z">
   New Jersey
  </subfield>
  <subfield code="z">
   Paterson
  </subfield>
  <subfield code="x">
   Social life and customs.
  </subfield>
 </datafield>
 <datafield ind1="2" ind2="0" tag="610">
  <subfield code="a">
   Catholic Church
  </subfield>
  <subfield code="x">
   Customs and practices.
  </subfield>
 </datafield>
 <datafield ind1=" " ind2="0" tag="651">
  <subfield code="a">
   Paterson (N.J.)
  </subfield>
  <subfield code="x">
   Religious life and customs.
  </subfield>
 </datafield>
 <datafield ind1=" " ind2="0" tag="650">
  <subfield code="a">
   Field recordings
  </subfield>
  <subfield code="z">
   New Jersey
  </subfield>
  <subfield code="z">
   Paterson.
  </subfield>
 </datafield>
 <datafield ind1=" " ind2="7" tag="655">
  <subfield code="a">
   Interviews (Sound recordings)
  </subfield>
  <subfield code="2">
   lcgft
  </subfield>
 </datafield>
 <datafield ind1=" " ind2="7" tag="655">
  <subfield code="a">
   Interviews.
  </subfield>
  <subfield code="2">
   lcgft
  </subfield>
 </datafield>
 <datafield ind1=" " ind2="7" tag="655">
  <subfield code="a">
   Photographs.
  </subfield>
  <subfield code="2">
   aat
  </subfield>
 </datafield>
 <datafield ind1=" " ind2="7" tag="655">
  <subfield code="a">
   Sound recordings.
  </subfield>
  <subfield code="2">
   lcgft
  </subfield>
 </datafield>
 <datafield ind1=" " ind2="7" tag="655">
  <subfield code="a">
   Manuscripts.
  </subfield>
  <subfield code="2">
   aat
  </subfield>
 </datafield>
 <datafield ind1=" " ind2="7" tag="655">
  <subfield code="a">
   Field notes.
  </subfield>
  <subfield code="2">
   aat
  </subfield>
 </datafield>
 <datafield ind1=" " ind2="7" tag="655">
  <subfield code="a">
   Ethnography.
  </subfield>
  <subfield code="2">
   aat
  </subfield>
 </datafield>
 <datafield ind1=" " ind2="7" tag="655">
  <subfield code="a">
   Field recordings.
  </subfield>
  <subfield code="2">
   lcgft
  </subfield>
 </datafield>
 <datafield ind1=" " ind2="7" tag="655">
  <subfield code="a">
   Oral histories.
  </subfield>
  <subfield code="2">
   lcgft
  </subfield>
 </datafield>
 <datafield ind1="1" ind2=" " tag="700">
  <subfield code="a">
   Carroll, Thomas DeBlasio,
  </subfield>
  <subfield code="e">
   interviewer,
  </subfield>
  <subfield code="e">
   photographer.
  </subfield>
 </datafield>
 <datafield ind1="1" ind2=" " tag="700">
  <subfield code="a">
   Cooper, Martha,
  </subfield>
  <subfield code="e">
   photographer.
  </subfield>
 </datafield>
 <datafield ind1="1" ind2=" " tag="700">
  <subfield code="a">
   Lautenberg, Frank R.,
  </subfield>
  <subfield code="e">
   interviewee.
  </subfield>
 </datafield>
 <datafield ind1="1" ind2=" " tag="700">
  <subfield code="a">
   Levitas, Susan,
  </subfield>
  <subfield code="d">
   1961-
  </subfield>
  <subfield code="e">
   interviewer.
  </subfield>
 </datafield>
 <datafield ind1="1" ind2=" " tag="700">
  <subfield code="a">
   Lloyd, Timothy Charles,
  </subfield>
  <subfield code="e">
   interviewer,
  </subfield>
  <subfield code="e">
   photographer.
  </subfield>
 </datafield>
 <datafield ind1="1" ind2=" " tag="700">
  <subfield code="a">
   McCarl, Robert,
  </subfield>
  <subfield code="e">
   interviewer.
  </subfield>
 </datafield>
 <datafield ind1="1" ind2=" " tag="700">
  <subfield code="a">
   Pascrell, Bill,
  </subfield>
  <subfield code="e">
   interviewee.
  </subfield>
 </datafield>
 <datafield ind1="1" ind2=" " tag="700">
  <subfield code="a">
   Smith, Lynda S.,
  </subfield>
  <subfield code="e">
   interviewer.
  </subfield>
 </datafield>
 <datafield ind1="1" ind2=" " tag="700">
  <subfield code="a">
   Taylor, David Alan,
  </subfield>
  <subfield code="d">
   1951-
  </subfield>
  <subfield code="e">
   interviewer,
  </subfield>
  <subfield code="e">
   photographer.
  </subfield>
 </datafield>
 <datafield ind1="2" ind2=" " tag="710">
  <subfield code="a">
   Archive of Folk Culture (Library of Congress)
  </subfield>
  <subfield code="e">
   collector.
  </subfield>
 </datafield>
 <datafield ind1="2" ind2=" " tag="710">
  <subfield code="a">
   American Folklife Center,
  </subfield>
  <subfield code="e">
   sponsor.
  </subfield>
 </datafield>
 <datafield ind1="2" ind2=" " tag="710">
  <subfield code="a">
   Library of Congress.
  </subfield>
  <subfield code="b">
   National Digital Library Program.
  </subfield>
 </datafield>
 <datafield ind1="1" ind2=" " tag="710">
  <subfield code="a">
   United States.
  </subfield>
  <subfield code="b">
   National Park Service.
  </subfield>
  <subfield code="b">
   Mid-Atlantic Regional Office,
  </subfield>
  <subfield code="e">
   sponsor.
  </subfield>
 </datafield>
 <datafield ind1="0" ind2="2" tag="740">
  <subfield code="a">
   Working in Paterson, occupational heritage in an urban setting
  </subfield>
 </datafield>
 <datafield ind1="0" ind2="2" tag="740">
  <subfield code="a">
   Working in Paterson : a survey of occupational culture in Paterson, New Jersey, with recommendations for public programming.
  </subfield>
 </datafield>
 <datafield ind1=" " ind2=" " tag="852">
  <subfield code="a">
   Library of Congress
  </subfield>
  <subfield code="b">
   American Folklife Center,
  </subfield>
  <subfield code="e">
   101 Independence Ave. S.E., Washington, DC USA 20540-4610
  </subfield>
  <subfield code="u">
   https://hdl.loc.gov/loc.afc/folklife.home
  </subfield>
 </datafield>
 <datafield ind1="4" ind2="1" tag="856">
  <subfield code="3">
   Online resource, Working in Paterson: Occupational Heritage in an Urban Setting
  </subfield>
  <subfield code="u">
   https://hdl.loc.gov/loc.afc/collafc.af000014
  </subfield>
 </datafield>
 <datafield ind1="4" ind2="2" tag="856">
  <subfield code="3">
   Finding aid
  </subfield>
  <subfield code="u">
   https://hdl.loc.gov/loc.afc/eadafc.af007004
  </subfield>
 </datafield>
 <datafield ind1=" " ind2=" " tag="985">
  <subfield code="a">
   collpull
  </subfield>
  <subfield code="e">
   ammem
  </subfield>
 </datafield>
 <datafield ind1=" " ind2=" " tag="985">
  <subfield code="a">
   afc/ead
  </subfield>
 </datafield>
 <datafield ind1=" " ind2=" " tag="985">
  <subfield code="a">
   afc/coll
  </subfield>
 </datafield>
</record>
